<?xml version="1.0" encoding="UTF-8"?><collection xmlns="http://www.loc.gov/MARC21/slim"><record><leader>00554nam--2200181-i-4500</leader><controlfield tag="001">000024777</controlfield><controlfield tag="002">20161230</controlfield><controlfield tag="005">20161230201035</controlfield><controlfield tag="008">060222s1000------------r-----000-0-eng-d</controlfield><datafield ind1=" " ind2=" " tag="020"><subfield code="a">9971966875</subfield></datafield><datafield ind1=" " ind2=" " tag="040"><subfield code="a">IFIN-HH</subfield></datafield><datafield ind1=" " ind2=" " tag="080"><subfield code="a">530.1(061.3)</subfield></datafield><datafield ind1="1" ind2=" " tag="100"><subfield code="a">Zachary, W.W</subfield></datafield><datafield ind1="1" ind2="0" tag="245"><subfield code="a">Group theoretical methods in physics</subfield><subfield code="b">Xiiith international colloquium college park, maryland, usa, 21-25 may 1984</subfield><subfield code="c">W.w. zachary (ed.)</subfield></datafield><datafield ind1=" " ind2=" " tag="260"><subfield code="a">Singapore</subfield><subfield code="b">World Scientific</subfield><subfield code="c">1984</subfield></datafield><datafield ind1=" " ind2=" " tag="300"><subfield code="a">XVI + 620P</subfield></datafield><datafield ind1=" " ind2=" " tag="852"><subfield code="a">73878</subfield><subfield code="c">519.4/5</subfield></datafield><datafield ind1=" " ind2=" " tag="CAT"><subfield code="a">Sys</subfield><subfield code="c">20130816</subfield><subfield code="h">135235</subfield></datafield></record></collection>